@online{fe-guide,
    title     = {Napotki za piseanje diplomskih nalog in drugih tehničnih besedil,},
    url       = {http://lie.fe.uni-lj.si/Napotki_TehnicnaBesedila.pdf},
    year      = {2014},
    location  = {Ljubljana},
    publisher = {Fakulteta za elektrotehniko},
    urldate   = {2022-10-29},
    author    = {Boštjan Murovec}
}